@Misc{fbhwmanual,
  title = {FIRE BIRD V ATMEGA2560 Robotic Research Platform Hardware Manual},
  howpublished = {IIT Bombay \& NEX Robotics Pvt. Ltd.}
}

@Misc{fbswmanual,
  title = {FIRE BIRD V ATMEGA2560 Robotic Research Platform Software Manual},
  howpublished = {IIT Bombay \& NEX Robotics Pvt. Ltd.}
}

@Misc{adr,
  title = {Android Developer's Reference},
  howpublished = {\url{http://developer.android.com/reference/packages.html}}
}

@Misc{eyantra,
  title = {E-Yantra Website},
  howpublished = {\url{http://www.e-yantra.org}}
}

@Misc{wikiap,
  title = {Accuracy and Precision},
  howpublished = {\url{http://en.wikipedia.org/wiki/Accuracy_and_precision}}
}